@InProceedings{ Cavin2002a,
  author = {David Cavin and Yoav Sasson and Andr{\'{e}} Schiper},
  title =	{{On the Accuracy of MANET Simulators}},
  year = {2002},
  pages =	{38--43},
  month =	{10},
  booktitle =	{Proceedings of the Workshop on Principles of Mobile Computing (POMC'02)}
}

@manual{Jre,
  author = {Oracle},
  title = {Java Platform Standard Edition 8 Documentation},
  note = {\url{https://docs.oracle.com/javase/8/docs/}},
  accessed = {Letzter Zugriff: 2020-07-20}
}

@manual{CveJreVuln,
  author = {CVE Details},
  title = {JRE Security Vulnerabilities Published in 2019},
  note = {\url{https://www.cvedetails.com/vulnerability-list/vendor_id-93/product_id-19117/year-2019/Oracle-JRE.html}},
  accessed = {Letzter Zugriff: 2020-07-20}
}

@manual{CioGov,
  author = {CIO Council's Innovation Committee},
  title = {{Demystifying NoOps and Serverless Computing}},
  note = {\url{https://www.cio.gov/resources/Demystifying\%20NoOps\%20and\%20Serverless\%20Computing_FINAL.pdf}},
  accessed = {Letzter Zugriff: 2020-07-20}
}

@manual{RedHatVM,
  author = {RedHat},
  title = {What is a virtual machine},
  note = {\url{https://www.redhat.com/en/topics/virtualization/what-is-a-virtual-machine}},
  accessed = {Letzter Zugriff: 2020-07-26}
}

@manual{Docker,
  author = {Docker},
  title = {What is a Container?},
  note = {\url{https://www.docker.com/resources/what-container}},
  accessed = {Letzter Zugriff: 2020-07-26}
}
